%% This BibTeX bibliography file was created using BibDesk.
%% https://bibdesk.sourceforge.io/

%% Created for Chris at 2020-07-31 22:18:27 -0400 


%% Saved with string encoding Unicode (UTF-8) 



@inproceedings{paparrizos2015k,
	Author = {Paparrizos, John and Gravano, Luis},
	Booktitle = {Proceedings of the 2015 ACM SIGMOD International Conference on Management of Data},
	Date-Added = {2020-07-31 22:18:24 -0400},
	Date-Modified = {2020-07-31 22:18:24 -0400},
	Pages = {1855--1870},
	Title = {k-shape: Efficient and accurate clustering of time series},
	Year = {2015}}

@article{JMLR:v21:20-091,
	Author = {Romain Tavenard and Johann Faouzi and Gilles Vandewiele and Felix Divo and Guillaume Androz and Chester Holtz and Marie Payne and Roman Yurchak and Marc Ru{\ss}wurm and Kushal Kolar and Eli Woods},
	Date-Added = {2020-07-31 22:15:34 -0400},
	Date-Modified = {2020-07-31 22:15:34 -0400},
	Journal = {Journal of Machine Learning Research},
	Number = {118},
	Pages = {1-6},
	Title = {Tslearn, A Machine Learning Toolkit for Time Series Data},
	Url = {http://jmlr.org/papers/v21/20-091.html},
	Volume = {21},
	Year = {2020},
	Bdsk-Url-1 = {http://jmlr.org/papers/v21/20-091.html}}

@article{saigo2006optimizing,
	Author = {Saigo, Hiroto and Vert, Jean-Philippe and Akutsu, Tatsuya},
	Date-Added = {2020-07-31 20:58:20 -0400},
	Date-Modified = {2020-07-31 20:58:20 -0400},
	Journal = {BMC bioinformatics},
	Number = {1},
	Pages = {246},
	Publisher = {Springer},
	Title = {Optimizing amino acid substitution matrices with a local alignment kernel},
	Volume = {7},
	Year = {2006}}

@inproceedings{janati2020spatio,
	Author = {Janati, Hicham and Cuturi, Marco and Gramfort, Alexandre},
	Booktitle = {International Conference on Artificial Intelligence and Statistics},
	Date-Added = {2020-07-31 20:41:14 -0400},
	Date-Modified = {2020-07-31 20:41:14 -0400},
	Pages = {1695--1704},
	Title = {Spatio-Temporal Alignments: Optimal transport through space and time},
	Year = {2020}}

@article{cuturi2017soft,
	Author = {Cuturi, Marco and Blondel, Mathieu},
	Date-Added = {2020-07-31 19:41:01 -0400},
	Date-Modified = {2020-07-31 19:41:01 -0400},
	Journal = {arXiv preprint arXiv:1703.01541},
	Title = {Soft-DTW: a differentiable loss function for time-series},
	Year = {2017}}

@article{sakoe1978dynamic,
	Author = {Sakoe, Hiroaki and Chiba, Seibi},
	Date-Added = {2020-07-31 19:40:28 -0400},
	Date-Modified = {2020-07-31 19:40:28 -0400},
	Journal = {IEEE transactions on acoustics, speech, and signal processing},
	Number = {1},
	Pages = {43--49},
	Publisher = {IEEE},
	Title = {Dynamic programming algorithm optimization for spoken word recognition},
	Volume = {26},
	Year = {1978}}

@article{han2011data,
	Author = {Han, Jiawei and Kamber, Micheline and Pei, Jian},
	Date-Added = {2020-07-31 12:53:48 -0400},
	Date-Modified = {2020-07-31 12:53:48 -0400},
	Journal = {The Morgan Kaufmann Series in Data Management Systems},
	Pages = {83--124},
	Title = {Data mining concepts and techniques third edition},
	Year = {2011}}

@article{liao2005clustering,
	Author = {Liao, T Warren},
	Date-Added = {2020-07-31 12:46:25 -0400},
	Date-Modified = {2020-07-31 12:46:25 -0400},
	Journal = {Pattern recognition},
	Number = {11},
	Pages = {1857--1874},
	Publisher = {Elsevier},
	Title = {Clustering of time series data---a survey},
	Volume = {38},
	Year = {2005}}

@article{jin2018accelerating,
	Author = {Jin, Xiao-Bo and Xie, Guo-Sen and Huang, Kaizhu and Hussain, Amir},
	Date-Added = {2020-07-31 12:42:30 -0400},
	Date-Modified = {2020-07-31 12:42:30 -0400},
	Journal = {Cognitive Computation},
	Number = {6},
	Pages = {1042--1050},
	Publisher = {Springer},
	Title = {Accelerating infinite ensemble of clustering by pivot features},
	Volume = {10},
	Year = {2018}}

@article{lafata2018data,
	Author = {Lafata, Kyle and Zhou, Zhennan and Liu, Jian-Guo and Yin, Fang-Fang},
	Date-Added = {2020-07-31 12:42:30 -0400},
	Date-Modified = {2020-07-31 12:42:30 -0400},
	Journal = {arXiv preprint arXiv:1806.10597},
	Title = {Data clustering based on Langevin annealing with a self-consistent potential},
	Year = {2018}}

@article{coleman1979image,
	Author = {Coleman, Guy Barrett and Andrews, Harry C},
	Date-Added = {2020-07-31 12:42:30 -0400},
	Date-Modified = {2020-07-31 12:42:30 -0400},
	Journal = {Proceedings of the IEEE},
	Number = {5},
	Pages = {773--785},
	Publisher = {IEEE},
	Title = {Image segmentation by clustering},
	Volume = {67},
	Year = {1979}}

@inproceedings{pappas1989adaptive,
	Author = {Pappas, Thrasyvoulos N and Jayant, Nikil S},
	Booktitle = {International Conference on Acoustics, Speech, and Signal Processing,},
	Date-Added = {2020-07-31 12:42:30 -0400},
	Date-Modified = {2020-07-31 12:42:30 -0400},
	Organization = {IEEE},
	Pages = {1667--1670},
	Title = {An adaptive clustering algorithm for image segmentation},
	Year = {1989}}

@article{chuang2006fuzzy,
	Author = {Chuang, Keh-Shih and Tzeng, Hong-Long and Chen, Sharon and Wu, Jay and Chen, Tzong-Jer},
	Date-Added = {2020-07-31 12:42:30 -0400},
	Date-Modified = {2020-07-31 12:42:30 -0400},
	Journal = {computerized medical imaging and graphics},
	Number = {1},
	Pages = {9--15},
	Publisher = {Elsevier},
	Title = {Fuzzy c-means clustering with spatial information for image segmentation},
	Volume = {30},
	Year = {2006}}

@article{wu1993optimal,
	Author = {Wu, Zhenyu and Leahy, Richard},
	Date-Added = {2020-07-31 12:42:30 -0400},
	Date-Modified = {2020-07-31 12:42:30 -0400},
	Journal = {IEEE transactions on pattern analysis and machine intelligence},
	Number = {11},
	Pages = {1101--1113},
	Publisher = {IEEE},
	Title = {An optimal graph theoretic approach to data clustering: Theory and its application to image segmentation},
	Volume = {15},
	Year = {1993}}

@inproceedings{behera2015credit,
	Author = {Behera, Tanmay Kumar and Panigrahi, Suvasini},
	Booktitle = {2015 Second International Conference on Advances in Computing and Communication Engineering},
	Date-Added = {2020-07-31 12:37:25 -0400},
	Date-Modified = {2020-07-31 12:37:25 -0400},
	Organization = {IEEE},
	Pages = {494--499},
	Title = {Credit card fraud detection: a hybrid approach using fuzzy clustering \& neural network},
	Year = {2015}}

@inproceedings{liu2013healthcare,
	Author = {Liu, Qi and Vasarhelyi, Miklos},
	Booktitle = {29th world continuous auditing and reporting symposium (29WCARS), Brisbane, Australia},
	Date-Added = {2020-07-31 12:37:25 -0400},
	Date-Modified = {2020-07-31 12:37:25 -0400},
	Title = {Healthcare fraud detection: A survey and a clustering model incorporating Geo-location information},
	Year = {2013}}

@inproceedings{peng2006application,
	Author = {Peng, Yi and Kou, Gang and Sabatka, Alan and Chen, Zhengxin and Khazanchi, Deepak and Shi, Yong},
	Booktitle = {2006 International Conference on Service Systems and Service Management},
	Date-Added = {2020-07-31 12:37:25 -0400},
	Date-Modified = {2020-07-31 12:37:25 -0400},
	Organization = {IEEE},
	Pages = {116--120},
	Title = {Application of clustering methods to health insurance fraud detection},
	Volume = {1},
	Year = {2006}}

@article{sabau2012survey,
	Author = {Sabau, Andrei Sorin},
	Date-Added = {2020-07-31 12:37:25 -0400},
	Date-Modified = {2020-07-31 12:37:25 -0400},
	Journal = {Informatica Economica},
	Number = {1},
	Pages = {110},
	Publisher = {INFOREC Association},
	Title = {Survey of clustering based financial fraud detection research},
	Volume = {16},
	Year = {2012}}

@article{subudhi2017use,
	Author = {Subudhi, Sharmila and Panigrahi, Suvasini},
	Date-Added = {2020-07-31 12:37:25 -0400},
	Date-Modified = {2020-07-31 12:37:25 -0400},
	Journal = {Journal of King Saud University-Computer and Information Sciences},
	Publisher = {Elsevier},
	Title = {Use of optimized Fuzzy C-Means clustering and supervised classifiers for automobile insurance fraud detection},
	Year = {2017}}

@article{haldar2008cluster,
	Author = {Haldar, Pranab and Pavord, Ian D and Shaw, Dominic E and Berry, Michael A and Thomas, Michael and Brightling, Christopher E and Wardlaw, Andrew J and Green, Ruth H},
	Date-Added = {2020-07-31 12:32:22 -0400},
	Date-Modified = {2020-07-31 12:32:22 -0400},
	Journal = {American journal of respiratory and critical care medicine},
	Number = {3},
	Pages = {218--224},
	Publisher = {American Thoracic Society},
	Title = {Cluster analysis and clinical asthma phenotypes},
	Volume = {178},
	Year = {2008}}

@article{weatherall2009distinct,
	Author = {Weatherall, M and Travers, J and Shirtcliffe, PM and Marsh, SE and Williams, MV and Nowitz, MR and Aldington, S and Beasley, R},
	Date-Added = {2020-07-31 12:32:22 -0400},
	Date-Modified = {2020-07-31 12:32:22 -0400},
	Journal = {European Respiratory Journal},
	Number = {4},
	Pages = {812--818},
	Publisher = {Eur Respiratory Soc},
	Title = {Distinct clinical phenotypes of airways disease defined by cluster analysis},
	Volume = {34},
	Year = {2009}}

@article{ye2014different,
	Author = {Ye, Lichuan and Pien, Grace W and Ratcliffe, Sarah J and Bj{\"o}rnsdottir, Erla and Arnardottir, Erna Sif and Pack, Allan I and Benediktsdottir, Bryndis and Gislason, Thorarinn},
	Date-Added = {2020-07-31 12:32:22 -0400},
	Date-Modified = {2020-07-31 12:32:22 -0400},
	Journal = {European Respiratory Journal},
	Number = {6},
	Pages = {1600--1607},
	Publisher = {Eur Respiratory Soc},
	Title = {The different clinical faces of obstructive sleep apnoea: a cluster analysis},
	Volume = {44},
	Year = {2014}}

@article{ahmad2014clinical,
	Author = {Ahmad, Tariq and Pencina, Michael J and Schulte, Phillip J and O'Brien, Emily and Whellan, David J and Pi{\~n}a, Ileana L and Kitzman, Dalane W and Lee, Kerry L and O'Connor, Christopher M and Felker, G Michael},
	Date-Added = {2020-07-31 12:32:22 -0400},
	Date-Modified = {2020-07-31 12:32:22 -0400},
	Journal = {Journal of the American College of Cardiology},
	Number = {17},
	Pages = {1765--1774},
	Publisher = {Journal of the American College of Cardiology},
	Title = {Clinical implications of chronic heart failure phenotypes defined by cluster analysis},
	Volume = {64},
	Year = {2014}}

@article{lochner2005cluster,
	Author = {Lochner, Christine and Hemmings, Sian MJ and Kinnear, Craig J and Niehaus, Dana JH and Nel, Daniel G and Corfield, Valerie A and Moolman-Smook, Johanna C and Seedat, Soraya and Stein, Dan J},
	Date-Added = {2020-07-31 12:32:22 -0400},
	Date-Modified = {2020-07-31 12:32:22 -0400},
	Journal = {Comprehensive psychiatry},
	Number = {1},
	Pages = {14--19},
	Publisher = {Elsevier},
	Title = {Cluster analysis of obsessive-compulsive spectrum disorders in patients with obsessive-compulsive disorder: clinical and genetic correlates},
	Volume = {46},
	Year = {2005}}
